<?xml version="1.0" encoding="UTF-8"?><collection xmlns="http://www.loc.gov/MARC21/slim"><record><leader>00336nam--2200121-i-4500</leader><controlfield tag="001">000036358</controlfield><controlfield tag="002">20161230</controlfield><controlfield tag="005">20161230201040</controlfield><controlfield tag="008">060222s1000------------r-----000-0-eng-d</controlfield><datafield ind1=" " ind2=" " tag="100"><subfield code="a">Piraux, H</subfield></datafield><datafield ind1=" " ind2=" " tag="245"><subfield code="a">Les radio-isotopes et leurs applications industrielles</subfield></datafield><datafield ind1=" " ind2=" " tag="260"><subfield code="a">Eindhoven, Bibl.Technique Philips, 1962, Xiv + 271p</subfield></datafield><datafield ind1=" " ind2=" " tag="852"><subfield code="a">18464</subfield></datafield></record></collection>